@article{babcock2018geostatistical,
  title={Geostatistical estimation of forest biomass in interior Alaska combining Landsat-derived tree cover, sampled airborne lidar and field observations},
  author={Babcock, Chad and Finley, Andrew O and Andersen, Hans-Erik and Pattison, Robert and Cook, Bruce D and Morton, Douglas C and Alonzo, Michael and Nelson, Ross and Gregoire, Timothy and Ene, Liviu and others},
  journal={Remote Sensing of Environment},
  volume={212},
  pages={212--230},
  year={2018},
  publisher={Elsevier}
}

@article{bechtold2005enhanced,
  title={The enhanced forest inventory and analysis program-national sampling design and estimation procedures},
  author={Bechtold, William A and Patterson, Paul L and others},
  journal={Gen. Tech. Rep. SRS-80. Asheville, NC: US Department of Agriculture, Forest Service, Southern Research Station. 85 p.},
  volume={80},
  year={2005},
  doi={10.2737/SRS-GTR-80}
}

@article{breidenbach2012small,
  title={{Small area estimation of forest attributes in the Norwegian National Forest Inventory}},
  author={Breidenbach, Johannes and Astrup, Rasmus},
  journal={European Journal of Forest Research},
  volume={131},
  number={4},
  pages={1255--1267},
  year={2012},
  publisher={Springer}
}

@article{burkner2017brms,
  title={{brms: An R package for Bayesian multilevel models using Stan}},
  author={B{\"u}rkner, Paul-Christian},
  journal={Journal of statistical software},
  volume={80},
  number={1},
  pages={1--28},
  year={2017}
}

@article{carpenter2017stan,
  title={{Stan: A probabilistic programming language}},
  author={Carpenter, Bob and Gelman, Andrew and Hoffman, Matthew D and Lee, Daniel and Goodrich, Ben and Betancourt, Michael and Brubaker, Marcus and Guo, Jiqiang and Li, Peter and Riddell, Allen},
  journal={Journal of statistical software},
  volume={76},
  number={1},
  pages={1--32},
  year={2017}
}

@article{coulston2021enhancing,
  title={Enhancing the precision of broad-scale forestland removals estimates with small area estimation techniques},
  author={Coulston, John W and Green, P Corey and Radtke, Philip J and Prisley, Stephen P and Brooks, Evan B and Thomas, Valerie A and Wynne, Randolph H and Burkhart, Harold E},
  journal={Forestry: An International Journal of Forest Research},
  volume={94},
  number={3},
  pages={427--441},
  year={2021},
  publisher={Oxford University Press}
}

@misc{database,
  title={{The Forest Inventory and Analysis Database: database description and user guide version 9.0 for Phase 2}},
  url={http://www.fia.fs.fed.us/library/database-documentation/},
  publisher={U.S. Department of Agriculture, Forest Service},
  author={Burrill, Elizabeth A and DiTommaso, Andrea M and Turner, Jeffery A and Pugh, Scott A and Menlove, James and Christiansen, Glenn and Perry, Carol J and Conkling, Barbara L},
  year={2021},
  urldate={2021-07-01}
}

@misc{datamart,
  title={{Forest Inventory and Analysis Database, St. Paul, MN}},
  url={https://apps.fs.usda.gov/fia/datamart/CSV/datamart_csv.html},
  publisher={U.S. Department of Agriculture, Forest Service},
  author={{FIA DataMart}},
  year={2021},
  urldate={2021-07-01}
}

@incollection{domke2021,
  author={Domke, Grant M},
  title={{FIA Carbon Attributes}},
  editor={Westfall, James A and Coulston, John W and Moisen, Gretchen G},
  booktitle={{Sampling and Estimation Documentation for the
Enhanced Forest Inventory and Analysis Program: 2020}},
  publisher={U.S. Department of Agriculture, Forest Service},
  address={Madison, WI},
  year={2021}
}

@article{fay1979estimates,
  title={{Estimates of income for small places: an application of James-Stein procedures to census data}},
  author={Fay III, Robert E and Herriot, Roger A},
  journal={Journal of the American Statistical Association},
  volume={74},
  number={366a},
  pages={269--277},
  year={1979},
  publisher={Taylor \& Francis}
}

@misc{fiaMain,
  title={{Forest Inventory and Analysis National Program}},
  url={https://www.fia.fs.fed.us/},
  publisher={United States Department of Agriculture},
  author={{USDA Forest Service}},
  year={2021},
  urldate = {2021-07-01}
}

@misc{evalidator,
  title={{Forest inventory EVALIDator web-application version 1.8.0.1}},
  url={http://apps.fs.fed.us/Evalidator/evalidator.jsp},
  publisher={US Department of Agriculture, Forest Service, Northern Research Station, St. Paul, MN.},
  author={Miles, Patrick D},
  year={2021},
  urldate={2021-07-01}
}

@book{gelmanbda04bda,
  added-at = {2009-10-28T04:42:52.000+0100},
  author = {Gelman, Andrew and Carlin, John B. and Stern, Hal S. and Rubin, Donald B.},
  biburl = {https://www.bibsonomy.org/bibtex/2f7d7012c81d89965db2cfedf698f53c7/jwbowers},
  citeulike-article-id = {106919},
  date-added = {2007-09-03 22:45:16 -0500},
  date-modified = {2007-09-03 22:45:16 -0500},
  edition = {2nd ed.},
  interhash = {9c5f4ce8c45003080aa52ac74eb4c78c},
  intrahash = {f7d7012c81d89965db2cfedf698f53c7},
  keywords = {bayesian statistics},
  publisher = {Chapman and Hall/CRC},
  timestamp = {2009-10-28T04:43:08.000+0100},
  title = {Bayesian Data Analysis},
  year = 2004
}



@article{gelman2006prior,
  title={{Prior distributions for variance parameters in hierarchical models (comment on article by Browne and Draper)}},
  author={Gelman, Andrew},
  journal={Bayesian analysis},
  volume={1},
  number={3},
  pages={515--534},
  year={2006},
  publisher={International Society for Bayesian Analysis}
}

@article{goerndt2013small,
  title={Small-area estimation of county-level forest attributes using ground data and remote sensed auxiliary information},
  author={Goerndt, Michael E and Monleon, Vicente J and Temesgen, Hailemariam},
  journal={Forest Science},
  volume={59},
  number={5},
  pages={536--548},
  year={2013},
  publisher={Oxford University Press Oxford, UK}
}

@article{goerndt2011comparison,
  title={A comparison of small-area estimation techniques to estimate selected stand attributes using LiDAR-derived auxiliary variables},
  author={Goerndt, Michael E and Monleon, Vicente J and Temesgen, Hailemariam},
  journal={Canadian Journal of Forest Research},
  volume={41},
  number={6},
  pages={1189--1201},
  year={2011},
  publisher={NRC Research Press}
}

@article{hou2021updating,
  title={{Updating annual state-and county-level forest inventory estimates with data assimilation and FIA data}},
  author={Hou, Zhengyang and Domke, Grant M and Russell, Matthew B and Coulston, John W and Nelson, Mark D and Xu, Qing and McRoberts, Ronald E},
  journal={Forest Ecology and Management},
  volume={483},
  pages={118777},
  year={2021},
  publisher={Elsevier}
}

@book{kohl2006sampling,
  title={Sampling methods, remote sensing and GIS multiresource forest inventory},
  author={K{\"o}hl, Michael and Magnussen, Steen and Marchetti, Marco and others},
  year={2006},
  publisher={Springer}
}

@article{lister2020use,
  title={{Use of Remote Sensing Data to Improve the Efficiency of National Forest Inventories: A Case Study from the United States National Forest Inventory}},
  author={Lister, Andrew J and Andersen, Hans and Frescino, Tracey and Gatziolis, Demetrios and Healey, Sean and Heath, Linda S and Liknes, Greg C and McRoberts, Ronald E and Moisen, Gretchen G and Nelson, Mark and others},
  journal={Forests},
  volume={11},
  number={12},
  pages={1364},
  year={2020},
  publisher={Multidisciplinary Digital Publishing Institute}
}

@article{little2004model,
  title={{To model or not to model? Competing modes of inference for finite population sampling}},
  author={Little, Roderick J},
  journal={Journal of the American Statistical Association},
  volume={99},
  number={466},
  pages={546--556},
  year={2004},
  publisher={Taylor \& Francis}
}

@article{mauro2017analysis,
  title={Analysis of area level and unit level models for small area estimation in forest inventories assisted with LiDAR auxiliary information},
  author={Mauro, Francisco and Monleon, Vicente J and Temesgen, Hailemariam and Ford, Kevin R},
  journal={PLoS One},
  volume={12},
  number={12},
  pages={e0189401},
  year={2017},
  publisher={Public Library of Science San Francisco, CA USA}
}

@article{marhuenda2013small,
  title={{Small area estimation with spatio-temporal Fay--Herriot models}},
  author={Marhuenda, Yolanda and Molina, Isabel and Morales, Domingo},
  journal={Computational Statistics \& Data Analysis},
  volume={58},
  pages={308--325},
  year={2013},
  publisher={Elsevier}
}

@article{mcroberts2017multivariate,
  title={Multivariate inference for forest inventories using auxiliary airborne laser scanning data},
  author={McRoberts, Ronald E and Chen, Qi and Walters, Brian F},
  journal={Forest Ecology and Management},
  volume={401},
  pages={295--303},
  year={2017},
  publisher={Elsevier}
}

@article{mcroberts2010advances,
  title={Advances and emerging issues in national forest inventories},
  author={McRoberts, Ronald E and Tomppo, Erkki O and N{\ae}sset, Erik},
  journal={Scandinavian Journal of Forest Research},
  volume={25},
  number={4},
  pages={368--381},
  year={2010},
  publisher={Taylor \& Francis}
}

@article{mcroberts2010probability,
  title={Probability-and model-based approaches to inference for proportion forest using satellite imagery as ancillary data},
  author={McRoberts, Ronald E},
  journal={Remote Sensing of Environment},
  volume={114},
  number={5},
  pages={1017--1025},
  year={2010},
  publisher={Elsevier}
}

@article{mcroberts2007remote,
  title={Remote sensing support for national forest inventories},
  author={McRoberts, Ronald E and Tomppo, Erkki O},
  journal={Remote sensing of environment},
  volume={110},
  number={4},
  pages={412--419},
  year={2007},
  publisher={Elsevier}
}

@article{molina2015sae,
  title={{sae: An R Package for Small Area Estimation.}},
  author={Molina, Isabel and Marhuenda, Yolanda},
  journal={R Journal},
  volume={7},
  number={1},
  pages={81},
  year={2015}
}

@article{ohmann2002predictive,
  title={Predictive mapping of forest composition and structure with direct gradient analysis and nearest-neighbor imputation in coastal {Oregon, USA}},
  author={Ohmann, Janet L and Gregory, Matthew J},
  journal={Canadian Journal of Forest Research},
  volume={32},
  number={4},
  pages={725--741},
  year={2002},
  publisher={NRC Research Press}
}

@article{petrucci2006small,
  title={Small area estimation for spatial correlation in watershed erosion assessment},
  author={Petrucci, Alessandra and Salvati, Nicola},
  journal={Journal of agricultural, biological, and environmental statistics},
  volume={11},
  number={2},
  pages={169--182},
  year={2006},
  publisher={Springer}
}

@article{pratesi2008small,
  title={{Small area estimation: the EBLUP estimator based on spatially correlated random area effects}},
  author={Pratesi, Monica and Salvati, Nicola},
  journal={Statistical methods and applications},
  volume={17},
  number={1},
  pages={113--141},
  year={2008},
  publisher={Springer}
}

@misc{prism,
  title={{PRISM} {Climate Group}},
  url={http://www.prism.oregonstate.edu/},
  publisher={Oregon State University},
  author={{PRISM Climate Group}},
  year={2010},
  urldate = {2020-03-05}
}

@Manual{r2021,
  title = {{R: A Language and Environment for Statistical Computing}},
  author = {{R Core Team}},
  organization = {R Foundation for Statistical Computing},
  address = {Vienna, Austria},
  year = {2021},
  url = {https://www.R-project.org/}
}

@book{rao2015small,
  title={Small area estimation},
  author={Rao, John NK and Molina, Isabel},
  year={2015},
  publisher={John Wiley \& Sons}
}

@article{schroeder2014improving,
  title={{Improving estimates of forest disturbance by combining observations from Landsat time series with US Forest Service Forest Inventory and Analysis data}},
  author={Schroeder, Todd A and Healey, Sean P and Moisen, Gretchen G and Frescino, Tracey S and Cohen, Warren B and Huang, Chengquan and Kennedy, Robert E and Yang, Zhiqiang},
  journal={Remote Sensing of Environment},
  volume={154},
  pages={61--73},
  year={2014},
  publisher={Elsevier}
}


@article{shaw2008benefits,
  title={{Benefits of a strategic national forest inventory to science and society: the USDA Forest Service Forest Inventory and Analysis program}},
  author={Shaw, John D},
  journal={Iforest-Biogeosciences and Forestry},
  volume={1},
  number={1},
  pages={81},
  year={2008},
  publisher={SISEF-Italian Society of Silviculture and Forest Ecology}
}

@article{singh2005spatio,
  title={Spatio-temporal models in small area estimation},
  author={Singh, Bharat Bhushan and Shukla, Girja Kant and Kundu, Debasis},
  journal={Survey Methodology},
  volume={31},
  number={2},
  pages={183},
  year={2005}
}

@article{smith2002forest,
  title={Forest inventory and analysis: a national inventory and monitoring program},
  author={Smith, W Brad},
  journal={Environmental pollution},
  volume={116},
  pages={S233--S242},
  year={2002},
  publisher={Elsevier}
}

@article{sutton2001bayesian,
  title={Bayesian methods in meta-analysis and evidence synthesis},
  author={Sutton, Alex J and Abrams, Keith R},
  journal={Statistical methods in medical research},
  volume={10},
  number={4},
  pages={277--303},
  year={2001},
  publisher={Sage Publications Sage CA: Thousand Oaks, CA}
}

@article{stanke2020rfia,
  title={{rFIA: An R package for estimation of forest attributes with the US Forest Inventory and Analysis database}},
  author={Stanke, Hunter and Finley, Andrew O and Weed, Aaron S and Walters, Brian F and Domke, Grant M},
  journal={Environmental Modelling \& Software},
  volume={127},
  pages={104664},
  year={2020},
  publisher={Elsevier}
}

@article{tinkham2018applications,
  author = {Tinkham, Wade T. and Mahoney, Patrick R. and Hudak, Andrew T. and Domke, Grant M. and Falkowski, Mike J. and Woodall, Chris W. and Smith, Alistair M.S.},
  title = {{Applications of the United States Forest Inventory and Analysis dataset: a review and future directions}},
  journal = {Canadian Journal of Forest Research},
  volume = {48},
  number = {11},
  pages = {1251-1268},
  year = {2018},
  doi = {10.1139/cjfr-2018-0196},
}

@article{tomppo2010national,
  title={National forest inventories},
  author={Tomppo, Erkki and Gschwantner, Thomas and Lawrence, Mark and McRoberts, Ronald E and Gabler, K and Schadauer, K and Vidal, C and Lanz, A and St{\aa}hl, G and Cienciala, E},
  journal={Pathways for Common Reporting. European Science Foundation},
  volume={1},
  pages={541--553},
  year={2010},
  publisher={Springer}
}

@article{van1999modeling,
  title={Modeling trends with annual survey data},
  author={Van Deusen, Paul C},
  journal={Canadian Journal of Forest Research},
  volume={29},
  number={12},
  pages={1824--1828},
  year={1999},
  publisher={NRC Research Press Ottawa, Canada}
}

@article{ver2017hierarchical,
  title={Hierarchical Bayesian models for small area estimation of county-level private forest landowner population},
  author={Ver Planck, Neil R and Finley, Andrew O and Huff, Emily S},
  journal={Canadian Journal of Forest Research},
  volume={47},
  number={12},
  pages={1577--1589},
  year={2017},
  publisher={NRC Research Press}
}

@article{westfall2011post,
  title={Post-stratified estimation: within-strata and total sample size recommendations},
  author={Westfall, James A and Patterson, Paul L and Coulston, John W},
  journal={Canadian Journal of Forest Research},
  volume={41},
  number={5},
  pages={1130--1139},
  year={2011},
  publisher={NRC Research Press}
}

@article{wurtzebach2020supporting,
  title={Supporting national forest system planning with forest inventory and analysis data},
  author={Wurtzebach, Zachary and DeRose, R Justin and Bush, Renate R and Goeking, Sara A and Healey, Sean and Menlove, Jim and Pelz, Kristen A and Schultz, Courtney and Shaw, John D and Witt, Chris},
  journal={Journal of Forestry},
  volume={118},
  number={3},
  pages={289--306},
  year={2020},
  publisher={Oxford University Press US}
}
